<record><leader>00000cas a22000007a 4500</leader><controlfield tag="001">20475284</controlfield><controlfield tag="008">891011d18981905mouwr ne      0    0eng d</controlfield><datafield ind1=" " ind2=" " tag="010"><subfield code="a">sn 89067108 </subfield></datafield><datafield ind1=" " ind2=" " tag="040"><subfield code="a">MQN</subfield><subfield code="b">eng</subfield><subfield code="c">MQN</subfield><subfield code="d">OCLCQ</subfield><subfield code="d">DLC</subfield></datafield><datafield ind1=" " ind2=" " tag="042"><subfield code="a">msc</subfield></datafield><datafield ind1="0" ind2=" " tag="130"><subfield code="a">Hustler (Doniphan, Mo.)</subfield></datafield><datafield ind1="1" ind2="4" tag="245"><subfield code="a">The hustler.</subfield></datafield><datafield ind1=" " ind2=" " tag="260"><subfield code="a">Doniphan, Mo. :</subfield><subfield code="b">D.C. Cunningham</subfield></datafield><datafield ind1=" " ind2=" " tag="300"><subfield code="a">v.</subfield></datafield><datafield ind1=" " ind2=" " tag="310"><subfield code="a">Weekly</subfield></datafield><datafield ind1="1" ind2=" " tag="362"><subfield code="a">Began in 1898? Ceased in 1905.</subfield></datafield><datafield ind1=" " ind2=" " tag="588"><subfield code="a">Description based on: Vol. 5, no. 27 (May 22, 1903).</subfield></datafield><datafield ind1=" " ind2=" " tag="752"><subfield code="a">United States</subfield><subfield code="b">Missouri</subfield><subfield code="c">Ripley</subfield><subfield code="d">Doniphan.</subfield></datafield><datafield ind1="0" ind2="0" tag="785"><subfield code="t">Ripley County democrat (Doniphan, Mo.)</subfield><subfield code="x">2378-6809</subfield><subfield code="w">(DLC)sn 89067083</subfield><subfield code="w">(OCoLC)20401069</subfield></datafield></record>